% This file was created with Citavi 6.14.0.0

@book{.,
 title = {Proceedings of the Australasian conference on robotics and automation}
}


@book{b1,
 abstract = {Kompakter Einstieg in die Steuerung und Regelung von Industrieroboter Dieses Standardwerk f{\"u}hrt in die Lagebeschreibung, Interpolation, Programmierung und Regelung von Industrierobotern ein. Mit einfachen, anwendungsnahen Beispielen werden schrittweise die erforderlichen mathematischen Methoden erl{\"a}utert. Das Buch richtet sich zum einen an Studierende der Fachbereiche Technik und Informatik an Universit{\"a}ten und Hochschulen. Zum anderen liefert es Praktikern aus der Industrie, die fortgeschrittene, leistungsf{\"a}hige Regelungskonzepte entwickeln m{\"o}chten, einen effizienten Zugang zur Modellbildung und zum Regelungsentwurf. Neu in dieser Auflage hinzugekommen sind u. a. die Orientierungsbeschreibung durch Roll-Nick-Gier-Winkel, Splines 5. Ordnung sowie eine Einf{\"u}hrung in die bildgest{\"u}tzte Regelung. Dar{\"u}ber hinaus sind zus{\"a}tzliche Beispiele und Aufgaben zur Programmierung, zum Regelungsentwurf und zur inversen Kinematik erg{\"a}nzt worden, um die Erarbeitung der Themen zu erleichtern. Auf https://www.weber-industrieroboter.de werden die L{\"o}sungen zu den {\"U}bungsaufgaben im Buch bereitgestellt. Die Aufgaben k{\"o}nnen mit MATLAB-M-Files nachvollzogen und gel{\"o}st werden. Es werden auch auf die Aufgabenklasse angepasste Simulationswerkzeuge zur Verf{\"u}gung gestellt. Mit dem browserbasierten Entwicklungs- und Visualisierungswerkzeug ManDy k{\"o}nnen Roboterarme von 2 bis 10 Gelenken definiert werden. Mit einer men{\"u}gesteuerten einfachen Sprache kann die Bewegung eines Industrieroboters programmiert, mit einem Vollk{\"o}rpermodell visualisiert und das Regelungsverhalten simuliert werden.



Prof. Dr.-Ing. Wolfgang Weber ist Studienleiter Robotik an der Wilhelm B{\"u}chner Hochschule Darmstadt. Bis M{\"a}rz 2019 hat er die Fachgebiete Regelungstechnik/Robotertechnik im Fachbereich Elektrotechnik und Informationstechnik der Hochschule Darmstadt vertreten. Dr.-Ing. Heiko Koch hat 2013 an der Technischen Universit{\"a}t Chemnitz auf dem Gebiet der sensorgest{\"u}tzten Regelung von Robotern promoviert. Seit 2018 lehrt er an der Hochschule Darmstadt im Fachbereich Elektrotechnik und Informationstechnik im Bereich der Robotik.},
 author = {Weber, Wolfgang and Koch, Heiko},
 year = {2022},
 title = {Industrieroboter: Methoden der Steuerung und Regelung},
 address = {M{\"u}nchen},
 edition = {5., aktualisierte und erweiterte Auflage},
 publisher = {Hanser},
 isbn = {9783446468702},
 series = {Hanser eLibrary},
 institution = {{Carl Hanser Verlag}},
 doi = {10.3139/9783446468702}
}


@article{b2,
 year = {2020},
 title = {Flexible Produktionsplanung dank einfacher Roboterprogrammierung},
 pages = {32--33},
 volume = {60},
 number = {5-6},
 issn = {0940-8789},
 journal = {JOT Journal f{\"u}r Oberfl{\"a}chentechnik},
 doi = {10.1007/s35144-020-0550-2}
}


@article{b3,
 abstract = {Phoenix Contact stellt das Ecosystem PLC Next Technology zur Verf{\"u}gugn, welches ein hohes Ma{\ss} an Offenheit und Flexibilit{\"a}t bieten soll. Es erlaubt dem Anwender die Nutzung von IEC-61131-Programmiersprachen in Kombination mit Hochsprachen -- etwa C++ oder C{\#} - sowie einem Regelalgorithmus-Modell in Matlab Simulink und soll au{\ss}erdem Bibliotheken oder ganze Anwendungen, sowie eine Community bereit stellen.},
 author = {{Alexander Japs, M.Sc. (Produktmarketing Control Systems) und  Stefan Kuhnert (Produktmarketing I/O-Systems), beide Phoenix Contact Electronics GmbH, Bad Pyrmont}},
 year = {2021},
 title = {Offenes Ecosystem f{\"u}r grenzenlose Automatisierung},
 url = {https://www.konstruktion-entwicklung.de/offenes-ecosystem-fuer-grenzenlose-automatisierung},
 urldate = {18.02.2023},
 journal = {Konsturktion {\&} Entwicklung}
}


@book{b4,
 author = {Maier, Helmut},
 year = {2022},
 title = {Grundlagen der Robotik: Helmut Maier},
 price = {EUR 34.00 (DE), EUR 34.00 (AT)},
 address = {Berlin},
 edition = {3., neu bearbeitete und erweiterte Auflage},
 publisher = {{VDE VERLAG GMBH}},
 isbn = {978-3-8007-5699-5},
 institution = {{VDE Verlag}}
}


@book{b5,
 author = {Haun, Matthias},
 year = {2007},
 title = {Handbuch Robotik: Programmieren und Einsatz intelligenter Roboter},
 url = {http://nbn-resolving.org/urn:nbn:de:bsz:31-epflicht-1551012},
 address = {Berlin, Heidelberg},
 isbn = {9783540369189},
 series = {VDI-Buch}
}


@book{b6,
 abstract = {Das Buch behandelt die heutige roboterorientierte Programmierung mit Roboterprogrammiersprachen und stellt wichtige Konzepte der zuk{\"u}nftigen aufgabenorientierten Programmierung intelligenter Roboter dar, z.B. Umweltmodellierung, Aufgabentransformatoren, regelbasierte Programmierung und Multiagentensysteme. Die zum Verst{\"a}ndnis notwendigen Grundlagen, beispielsweise aus Mathematik, Informatik und K{\"u}nstlicher Intelligenz, werden bereitgestellt. Viele Abbildungen unterst{\"u}tzen die Darstellung. Alle Konzepte werden durch ausf{\"u}hrliche Beispiele, auch Programmierbeispiele, erl{\"a}utert und vertieft, die auch zur Selbstkontrolle dienen. Das Buch ist geschrieben f{\"u}r Studierende der Informatik, des Maschinenbaus und der Elektrotechnik sowie f{\"u}r Ingenieure, die sich mit der Programmierung von Robotern besch{\"a}ftigen},
 author = {Siegert, Hans-J{\"u}rgen and Bocionek, Siegfried},
 year = {1996},
 title = {Robotik: Programmierung intelligenter Roboter},
 address = {Berlin, Heidelberg},
 publisher = {{Springer Berlin Heidelberg}},
 isbn = {9783642800672},
 series = {Springer eBook Collection Computer Science and Engineering},
 doi = {10.1007/978-3-642-80067-2},
 file = {Siegert, Bocionek 1996 - Robotik Programmierung intelligenter Roboter:Attachments/Siegert, Bocionek 1996 - Robotik Programmierung intelligenter Roboter.pdf:application/pdf}
}


@proceedings{InstituteofElectricalandElectronicsEngineers.2016,
 year = {2016},
 title = {IEEE ICARM 2016: 2016 International Conference on Advanced Robotics and Mechatronics (ICARM) : Macau, China, August 18-20, 2016},
 address = {Piscataway, NJ},
 publisher = {IEEE},
 isbn = {978-1-5090-3364-5},
 institution = {{Institute of Electrical and Electronics Engineers} and {Universidade de Macau} and Huanan-Ligong-Daxue and {IEEE Systems, Man, and Cybernetics Society} and {IEEE Control Systems Society}}
}


@proceedings{InstituteofElectricalandElectronicsEngineers.2018,
 year = {2018},
 title = {Towards a robotic society: 2018 IEEE/RSJ International Conference on Intelligent Robots and Systems : October, 1-5, 2018, Madrid, Spain, Madrid Municipal Conference Centre},
 address = {Piscataway, NJ},
 publisher = {IEEE},
 isbn = {978-1-5386-8094-0},
 institution = {{Institute of Electrical and Electronics Engineers} and {Nihon Robotto Gakkai}}
}


@proceedings{InstituteofElectricalandElectronicsEngineers.2020,
 year = {2020},
 title = {2020 17th International Conference on Ubiquitous Robots (UR)},
 address = {Piscataway, NJ},
 publisher = {IEEE},
 isbn = {978-1-7281-5715-3},
 institution = {{Institute of Electrical and Electronics Engineers}},
 doi = {10.1109/UR49135.2020}
}


@misc{p1,
 abstract = {We present the Semantic Robot Programming (SRP) paradigm as a convergence of robot programming by demonstration and semantic mapping. In SRP, a user can directly program a robot manipulator by demonstrating a snapshot of their intended goal scene in workspace. The robot then parses this goal as a scene graph comprised of object poses and inter-object relations, assuming known object geometries. Task and motion planning is then used to realize the user's goal from an arbitrary initial scene configuration. Even when faced with different initial scene configurations, SRP enables the robot to seamlessly adapt to reach the user's demonstrated goal. For scene perception, we propose the Discriminatively-Informed Generative Estimation of Scenes and Transforms (DIGEST) method to infer the initial and goal states of the world from RGBD images. The efficacy of SRP with DIGEST perception is demonstrated for the task of tray-setting with a Michigan Progress Fetch robot. Scene perception and task execution are evaluated with a public household occlusion dataset and our cluttered scene dataset.},
 author = {Zeng, Zhen and Zhou, Zheming and Sui, Zhiqiang and Jenkins, Odest Chadwicke},
 date = {04.04.2017},
 title = {Semantic Robot Programming for Goal-Directed Manipulation in Cluttered  Scenes},
 url = {https://arxiv.org/pdf/1704.01189}
}


@inproceedings{p2,
 author = {Bolano, Gabriele and Roennau, Arne and Dillmann, Ruediger and Groz, Albert},
 title = {Virtual Reality for Offline Programming of Robotic Applications with Online Teaching Methods},
 pages = {625--630},
 publisher = {IEEE},
 isbn = {978-1-7281-5715-3},
 booktitle = {2020 17th International Conference on Ubiquitous Robots (UR)},
 year = {2020},
 address = {Piscataway, NJ},
 doi = {10.1109/UR49135.2020.9144806}
}


@inproceedings{p3,
 author = {Quintero, Camilo Perez and Li, Sarah and Pan, Matthew KXJ and Chan, Wesley P. and {van der Machiel Loos}, H. F. and Croft, Elizabeth},
 title = {Robot Programming Through Augmented Trajectories in Augmented Reality},
 pages = {1838--1844},
 publisher = {IEEE},
 isbn = {978-1-5386-8094-0},
 booktitle = {Towards a robotic society},
 year = {2018},
 address = {Piscataway, NJ},
 doi = {10.1109/IROS.2018.8593700}
}


@incollection{p4,
 author = {Biggs, Geoffrey and MacDonald, Bruce},
 title = {A survey of robot programming systems},
 url = {https://www.societyofrobots.com/robottheory/Survey_of_Robot_Programming_Systems.pdf},
 urldate = {22.02.2023},
 booktitle = {Proceedings of the Australasian conference on robotics and automation}
}


@inproceedings{p5,
 author = {Zhang, Jiafan and Wang, Yue and Xiong, Rong},
 title = {Industrial robot programming by demonstration},
 pages = {300--305},
 publisher = {IEEE},
 isbn = {978-1-5090-3364-5},
 booktitle = {IEEE ICARM 2016},
 year = {2016},
 address = {Piscataway, NJ},
 doi = {10.1109/ICARM.2016.7606936}
}


@misc{s1,
 abstract = {In 2019, KUKA's market share was between 12 and 15 percent.},
 author = {Statista},
 year = {19.02.2023},
 title = {Industrial robots worldwide: market share 2019 | Statista},
 url = {https://www.statista.com/statistics/317178/leading-industrial-robot-companies-globally-by-revenue/},
 urldate = {19.02.2023},
 file = {statistic{\_}id317178{\_}global-industrial-robot-market-major-companies-by-market-share-2019:Attachments/statistic{\_}id317178{\_}global-industrial-robot-market-major-companies-by-market-share-2019.pdf:application/pdf}
}


